@book{Goodfellow,
    title={Deep Learning},
    author={Ian Goodfellow and Yoshua Bengio and Aaron Courville},
    publisher={MIT Press},
    note={\url{http://www.deeplearningbook.org}},
    year={2016}
}

@book{Burden,
    title={Numerical Analysis},
    author={Richard Burden and Douglas Faires},
    publisher={Cengage Learning},
    year={2011},
    address = "Boston, MA"
}

@book{Bishop,
	title = "Pattern recognition and machine learning",
	author = "Christopher Bishop",
	year = "2006",
	publisher = "Springer",
	address = "New York"
	}
	
@book{ESL,
	title = "The {E}lements of {S}tatistical {L}earning",
	author = "Trevor Hastie and Robert Tibshirani and Jerome Friedman",
	year = "2009",
	publisher = "Springer",
	address = "New York"
	}
	
@book{Kruse,
	title = "Computational {Intelligence}: A {M}ethodological {I}ntroduction",
	author = "Rudolf Kruse and Christian Borgelt and Christian Braune and Sanaz Mostaghim and Matthias Steinbrecher",
	year = "2013",
	publisher = "Springer-Verlag",
	address = "London"
	}
	
@book{Yadav,
	title = "An {I}ntroduction to {N}eural {Network} {M}ethods for {D}ifferential {Equations}",
	author = "Neha Yadav and Anupam Yadav and Manoj Kumar",
	year = "2015",
	publisher = "Springer",
	address = "Netherlands"
	}
	
@article{Aarts,
    author    = "Lucie Aarts and Peter van der Veer",
    title     = "Neural network method for solving partial differential equations",
    journal   = "Neural Processing Letters",
    volume   = "14",
    pages    = "261-271",
    year      = "2001",
}

@conference{Chedjou,
    author	= "J. C. {Chedjou} and K. {Kyamakya} and M. A. {Latif} and U. A. {Khan} and I. {Moussa} and {Do Trong Tuan}",
    title	= "Solving stiff ordinary differential equations and partial differential equations using analog computing based on cellular neural networks",
    booktitle= "2009 2nd {I}nternational {W}orkshop on {N}onlinear {D}ynamics and {S}ynchronization",
    year	= "2009",
	pages	= "213-220"
}

@article{Chua,
    author    = "L. O. {Chua} and L. {Yang}",
    title     = "Cellular neural networks: theory",
    journal   = "{IEEE} Transactions on Circuits and Systems",
    volume   = "35",
    number   = "10",
    pages    = "1257-1275",
    year      = "1988",
}

@article{Cybenko,
    author    = "G. Cybenko",
    title     = "Approximation by superpositions of a sigmoidal function",
    journal   = "Mathematics of Control, Signals and Systems",
    volume   = "2",
    number   = "4",
    pages    = "303-314",
    year      = "1989",
}

@article{Filici,
    author    = "C. Filici",
    title     = "Error estimation in the neural network solution of ordinary differential equations",
    journal   = "Neural networks",
    volume   = "23",
    number   = "5",
    pages    = "614-617",
    year      = "2010",
}

@article{He,
    author    = "S. He and K. Reif and R. Unbehauen",
    title     = "Multilayer neural networks for solving a class of partial differential equations",
    journal   = "Neural networks",
    volume   = "13",
    number   = "3",
    pages    = "385-396",
    year      = "2000",
}

@conference{Jianyu,
    author    = "L. Jianyu and L. Siwei and Q. Yingjian and H. Yaping",
    title     = "Numerical solution of differential equations by radial basis function neural networks",
    booktitle = "Proceedings of the 2002 International Joint Conference on Neural Networks",
    year      = "2002",
}

@article{Jianyu2,
    author    = "L. Jianyu and L. Siwei and Q. Yingjian and H. Yaping",
    title     = "Numerical solution of elliptic partial differential equation using radial basis function neural networks",
    journal   = "Neural networks",
    volume   = "16",
    number   = "5-6",
    pages    = "729-734",
    year      = "2003",
}

@article{Kumar,
    author    = "M. Kumar and N. Yadav",
    title     = "Multilayer perceptrons and radial basis function neural network methods for the solution of differential equations: A survey",
    journal   = "Computers \& Mathematics with Applications",
    volume   = "62",
    number   = "10",
    pages    = "3796-3811",
    year      = "2011",
}

@article{Lagaris,
    author    = "I. E. Lagaris and A. Likas and D. I. Fotiadis",
    title     = "Artificial neural networks for solving ordinary and partial differential equations",
    journal   = "{IEEE} Transactions on Neural Networks",
    volume   = "9",
    number   = "5",
    pages    = "987-1000",
    year      = "1998",
}

@article{Lagaris2,
    author    = "I. E. Lagaris and A. Likas and D. G. Papageorgiou",
    title     = "Neural-network methods for boundary value problems with irregular boundaries",
    journal   = "{IEEE} Transactions on Neural Networks",
    volume   = "11",
    number   = "5",
    pages    = "1041-1049",
    year      = "2000",
}

@article{Lee,
    author    = "H. Lee and I. S. Kang",
    title     = "Neural algorithms for solving differential equations",
    journal   = "Journal of Computational Physics",
    volume   = "91",
    number   = "1",
    pages    = "110-131",
    year      = "1990",
}

@article{Mai2,
    author    = "N. Mai-Duy and T. Tran-Cong",
    title     = "Numerical solution of differential equations using multiquadric radial basis function networks",
    journal   = "Neural networks",
    volume   = "14",
    number   = "2",
    pages    = "185-199",
    year      = "2001",
}

@article{Mai3,
    author    = "N. Mai-Duy and T. Tran-Cong",
    title     = "Mesh-free radial basis function network methods with domain decomposition for approximation of functions and numerical solution of {P}oisson's equations",
    journal   = "Engineering Analysis with Boundary Elements",
    volume   = "26",
    number   = "2",
    pages    = "133-156",
    year      = "2002",
}

@article{Mai5,
    author    = "N. Mai-Duy and T. Tran-Cong",
    title     = "Solving biharmonic problems with scattered-point discretization using indirect radial-basic-function networks",
    journal   = "Engineering Analysis with Boundary Elements",
    volume   = "30",
    number   = "2",
    pages    = "77-87",
    year      = "2006",
}

@article{Malek,
    author    = "A. Malek and S. Beidokhti",
    title     = "Numerical solution for high order differential equations using a hybrid neural network-optimization method",
    journal   = "Applied Mathematics and Computation",
    volume   = "183",
    number   = "1",
    pages    = "260-271",
    year      = "2006",
}

@article{Masmoudi,
    author    = "N. K. Masmoudi and C. Rekik and M. Djemel and N. Derbel",
    title     = "Two coupled neural-network-based solution of the {H}amilton-{J}acobi-{B}ellman equation",
    journal   = "Applied Soft Computing",
    volume   = "11",
    number   = "3",
    pages    = "2946-2963",
    year      = "2011",
}

@article{McCulloch,
    author    = "Warren Mc{C}ulloch and Walter Pitts",
    title     = "A Logical Calculus of the Ideas Immanent in Nervous Activity",
    journal   = "Bulletin of Mathematical Biophysics",
    volume   = "5",
    pages    = "115-133",
    year      = "1943",
}


@article{Meade,
    author    = "A. Meade and A. Fernandez",
    title     = "The numerical solution of linear ordinary differential equations by feedforward neural networks",
    journal   = "Mathematical and computer modelling",
    volume   = "19",
    number   = "12",
    pages    = "1-25",
    year      = "1994",
}

@article{Park,
    author    = "J. Park and I. Sandberg",
    title     = "Approximation and radial-basis-function networks",
    journal   = "Neural Computation",
    volume   = "5",
    number   = "2",
    pages    = "305-316",
    year      = "1993",
}

@article{Saxen,
    author    = "H. Sax\'en and F. Pettersson",
    title     = "Method for the selection of inputs and structure of feedforward neural networks",
    journal   = "Computers \& Chemical Engineering",
    volume   = "30",
    number   = "6-7",
    pages    = "1038-1045",
    year      = "2006",
}

@article{Tsoulos,
    author    = "I. Tsoulos and D. Gavrilis and E. Glavas",
    title     = "Solving differential equations with constructed neural networks",
    journal   = "Neurocomputing",
    volume   = "72",
    number   = "10-12",
    pages    = "2385-2391",
    year      = "2009",
}

@conference{Zou,
    author    = "H. Zou and J. Lei and C. Pan",
    title     = "Design of a new kind of {RBF} neural network based on differential reconstruction",
    booktitle = "2005 International Conference on Neural Networks and Brain",
    year      = "2005",
}

@book{Wilkinson,
	title = "Parallel {P}rogramming: {T}echniques and Applications using networked workstations and parallel computers",
	author = "Barry Wilkinson and Michael Allen",
	year = "2005",
	publisher = "Pearson",
	address = "New Jersey"
}
